<record><leader>00000cas a22000007a 4500</leader><controlfield tag="001">22161319</controlfield><controlfield tag="008">900731d18371841nyuwr ne      0    0eng d</controlfield><datafield ind1=" " ind2=" " tag="010"><subfield code="a">sn 90066150 </subfield></datafield><datafield ind1=" " ind2=" " tag="040"><subfield code="a">NYS</subfield><subfield code="b">eng</subfield><subfield code="c">NYS</subfield><subfield code="d">OCL</subfield><subfield code="d">OCLCQ</subfield><subfield code="d">OCLCF</subfield><subfield code="d">OCLCO</subfield></datafield><datafield ind1=" " ind2=" " tag="042"><subfield code="a">msc</subfield></datafield><datafield ind1=" " ind2=" " tag="043"><subfield code="a">n-us-ny</subfield></datafield><datafield ind1="0" ind2=" " tag="130"><subfield code="a">Fonda herald (Fonda, N.Y.)</subfield></datafield><datafield ind1="1" ind2="0" tag="245"><subfield code="a">Fonda herald.</subfield></datafield><datafield ind1=" " ind2=" " tag="260"><subfield code="a">Fonda, Montgomery County, N.Y. :</subfield><subfield code="b">P. Reynolds, Jun.</subfield></datafield><datafield ind1=" " ind2=" " tag="300"><subfield code="a">v. ;</subfield><subfield code="c">55-58 cm.</subfield></datafield><datafield ind1=" " ind2=" " tag="310"><subfield code="a">Weekly</subfield></datafield><datafield ind1="1" ind2=" " tag="362"><subfield code="a">Began in 1837; ceased in 1841.</subfield></datafield><datafield ind1=" " ind2=" " tag="500"><subfield code="a">Publishers: P. Reynolds, Jr., &lt;1837&gt;; William S. Hawley, &lt;1841-1842&gt;.</subfield></datafield><datafield ind1=" " ind2=" " tag="515"><subfield code="a">Issue dated Mar. 16, 1841 numbered: New ser., vol. 1, no. 51.</subfield></datafield><datafield ind1=" " ind2=" " tag="515"><subfield code="a">Issue dated Aug. 30, 1842 numbered: Vol. 3, no. 15.</subfield></datafield><datafield ind1=" " ind2=" " tag="588"><subfield code="a">Description based on: Vol. 1, no. 42 (Apr. 14, 1837).</subfield></datafield><datafield ind1=" " ind2="0" tag="651"><subfield code="a">Fonda (N.Y.)</subfield><subfield code="v">Newspapers.</subfield></datafield><datafield ind1=" " ind2="7" tag="655"><subfield code="a">Newspapers.</subfield><subfield code="2">fast</subfield><subfield code="0">(OCoLC)fst01423814</subfield></datafield><datafield ind1=" " ind2="7" tag="651"><subfield code="a">New York (State)</subfield><subfield code="z">Fonda.</subfield><subfield code="2">fast</subfield><subfield code="0">(OCoLC)fst01225020</subfield></datafield><datafield ind1=" " ind2=" " tag="752"><subfield code="a">United States</subfield><subfield code="b">New York</subfield><subfield code="c">Montgomery</subfield><subfield code="d">Fonda.</subfield></datafield><datafield ind1="0" ind2="0" tag="780"><subfield code="t">Johnstown herald (Johnstown, N.Y.)</subfield><subfield code="w">(DLC)sn 83031300</subfield><subfield code="w">(OCoLC)9834526</subfield></datafield><datafield ind1="0" ind2="0" tag="785"><subfield code="t">Fonda herald. And Montgomery County advertiser</subfield><subfield code="w">(DLC)sn 85026437</subfield><subfield code="w">(OCoLC)12228403</subfield></datafield></record>